<record><leader>00000cas a22000007a 4500</leader><controlfield tag="001">39372204</controlfield><controlfield tag="008">980630d19851986caudn ne      0    0eng d</controlfield><datafield ind1=" " ind2=" " tag="010"><subfield code="a">sn 98061269 </subfield></datafield><datafield ind1=" " ind2=" " tag="040"><subfield code="a">CNK</subfield><subfield code="b">eng</subfield><subfield code="c">CNK</subfield><subfield code="d">OCLCQ</subfield><subfield code="d">OCLCF</subfield><subfield code="d">OCLCO</subfield></datafield><datafield ind1="1" ind2=" " tag="029"><subfield code="a">AU@</subfield><subfield code="b">000014094653</subfield></datafield><datafield ind1=" " ind2=" " tag="042"><subfield code="a">msc</subfield></datafield><datafield ind1=" " ind2=" " tag="043"><subfield code="a">n-us-ca</subfield></datafield><datafield ind1="0" ind2="0" tag="245"><subfield code="a">Vista's morning press.</subfield></datafield><datafield ind1=" " ind2=" " tag="260"><subfield code="a">Vista, Calif. :</subfield><subfield code="b">Press-Courier Pub. Co.</subfield></datafield><datafield ind1=" " ind2=" " tag="300"><subfield code="a">v.</subfield></datafield><datafield ind1=" " ind2=" " tag="310"><subfield code="a">Daily (except Sun.)</subfield></datafield><datafield ind1="0" ind2=" " tag="362"><subfield code="a">Vol. 60, no. 46 (Nov. 15, 1985)-v. 60, no. 351 (Sept. 23, 1986).</subfield></datafield><datafield ind1=" " ind2="0" tag="651"><subfield code="a">San Marcos (Calif.)</subfield><subfield code="v">Newspapers.</subfield></datafield><datafield ind1=" " ind2="0" tag="651"><subfield code="a">Vista (Calif.)</subfield><subfield code="v">Newspapers.</subfield></datafield><datafield ind1=" " ind2="7" tag="655"><subfield code="a">Newspapers.</subfield><subfield code="2">fast</subfield><subfield code="0">(OCoLC)fst01423814</subfield></datafield><datafield ind1=" " ind2="7" tag="651"><subfield code="a">California</subfield><subfield code="z">San Marcos.</subfield><subfield code="2">fast</subfield><subfield code="0">(OCoLC)fst01221650</subfield></datafield><datafield ind1=" " ind2="7" tag="651"><subfield code="a">California</subfield><subfield code="z">Vista.</subfield><subfield code="2">fast</subfield><subfield code="0">(OCoLC)fst01228759</subfield></datafield><datafield ind1=" " ind2=" " tag="752"><subfield code="a">United States</subfield><subfield code="b">California</subfield><subfield code="c">San Diego</subfield><subfield code="d">Vista.</subfield></datafield><datafield ind1="0" ind2="0" tag="780"><subfield code="t">Morning press (Vista, Calif.)</subfield><subfield code="w">(DLC)sn 98061270</subfield></datafield><datafield ind1="0" ind2="0" tag="785"><subfield code="t">Vista press</subfield><subfield code="w">(DLC)sn 87008261</subfield></datafield></record>